%% This BibTeX bibliography file was created using BibDesk.
%% http://bibdesk.sourceforge.net/
%% Created for Vincent Duval at 2014-01-15 18:53:33 +0100 
%% Saved with string encoding Unicode (UTF-8)



%%% General %%%
@book{scherzer2008variational,
  title={Variational Methods in Imaging},
  author={Scherzer, Otmar and Grasmair, Markus and Grossauer, Harald and Haltmeier, Markus and Lenzen, Frank},
  volume={167},
  year={2008},
  publisher={Springer Science \& Business Media}
}

@ARTICLE{Allard1,
author = "W.K. Allard",
title = "Total variation regularization for image denoising {I}: Geometric theory",
journal = "SIAM Journal on Mathematical Analysis",
volume="39",
number="4",
year="2007",
pages={1150-1190}
}

@article{Allard2,
author = "W.K. Allard",
title = "Total variation regularization for image denoising {II}: Examples",
journal="SIAM Journal on Imaging Sciences",
volume=" 1",
number= "4",
pages={400-417}, 
year="2008"
}

@article{Allard3,
author = "Allard, W.K.",
title = "Total variation regularization for image denoising {III}: Examples",
journal="SIAM Journal on Imaging Sciences",
volume="2",
number="2",
year="2009",
pages={ 532-568} 
}



@book{gilbarg1977elliptic,
  title={Elliptic partial differential equations of second order},
  author={Gilbarg, D. and Trudinger, N.S.},
  series={Grundlehren der mathematischen Wissenschaften},
  year={1977},
  publisher={Springer}
}

@book{serra1982,
title={Image analysis and mathematical morphology},
year={1982},
author={J. Serra},
publisher={Academic Press, London},
series={}
}

@article{wertheimer1923,
author={M. Wertheimer},
title={Untersuchungen zur Lehre der Gestalt, II},
journal={Psychologische Forschung},
volume={4},
 year={1923},
pages={301--350}
}


@book{rockafellarwets,
   title = "Variational analysis",
   author = "Rockafellar, R. T. and Wets, R. J-B.  and Wets, M.",
   series = "Grundlehren der mathematischen Wissenschaften",
   publisher = "Springer",
   address = "Berlin, Heidelberg, New York",
   year = 1998
}


@article{haddad2007variational,
  title={Variational methods in image processing},
  author={Haddad, A. and Meyer, Y.},
  journal={Contemporary Mathematics},
  volume={446},
  pages={273},
  year={2007},
  publisher={Providence, RI; American Mathematical Society; 1999}
}



@book{gray2003tubes,
  title={Tubes},
  author={Gray, A.},
  isbn={9783764369071},
  lccn={2003063792},
  series={Progress in Mathematics},
  year={2003},
  publisher={Birkh{\"a}user Basel}
}



@article{Anzellotti,
	Author = {Anzellotti, G.},
	Date-Added = {2014-01-15 15:39:08 +0000},
	Date-Modified = {2014-01-15 15:39:08 +0000},
	Journal = {Ann. di Matematica Pura ed Appl.},
	Number = {135},
	Pages = {293--318},
	Title = {Pairing Between Measures and Bounded Functions and Compensated Compactness},
	Volume = {IV},
	Year = 1983,
}


@BOOK{EkelandTemam,
  title = {Convex Analysis and Variational Problems},
  publisher = {Siam},
  year = {1999},
  author = {Ekeland, I. and Temam, R.},
  series = {Classics in Applied Mathematics},
  address = {Philadelphia},
  informatikbibno = {K006172},
  inventarno = {2000/172},
  isbn = {0-89871-450-8},
  keywords = {Convex Analysis and Variational Problems},
  libraryofcongressno = {519.3-dc21}
}


%% Geometric problems on sets, geometric measure theory
@article{elisabetta2013sets,
  title={On sets with variational mean curvature in  $L^n(\mathbb{R}^n)$},
  author={E., Barozzi and U., Massari},
  journal={Annali Dell'Universita'Di Ferrara},
  volume={59},
  number={2},
  pages={259--268},
  year={2013},
  publisher={Springer}
}

@Article{Paolini,
author="Paolini, E.",
title="Regularity for minimal boundaries in $R^n$ with mean curvature in $L^n$",
journal="Manuscripta Mathematica",
volume="97",
number="1",
pages="15--35",
issn="1432-1785",
year = 1998,
doi="10.1007/s002290050082",
url="http://dx.doi.org/10.1007/s002290050082"
}



@article{gonzales1993boundaries,
  title={Boundaries of prescribed mean curvature},
  author={Gonzales, E. HA and Massari, U. and Tamanini, I.},
  journal={Atti della Accademia Nazionale dei Lincei. Classe di Scienze Fisiche, Matematiche e Naturali. Rendiconti Lincei. Matematica e Applicazioni},
  volume={4},
  number={3},
  pages={197--206},
  year={1993},
  publisher={Accademia Nazionale dei Lincei}
}


@book {Ambrocorso,
AUTHOR = {Ambrosio, L.},
TITLE = {Corso introduttivo alla teoria geometrica della misura ed alle superfici minimime},
SERIES = {Quad. Scuola Norm. Sup. Pisa},
PUBLISHER = {Pantograph, Genova},
YEAR = {1997},
}

@BOOK{Ambrosio,
  title = {Functions of Bounded Variation and Free Discontinuity Problems},
  publisher = {Oxford University Press},
  year = {2000},
  author = {Ambrosio, L. and Fusco, N. and Pallara, D.},
  series = {Oxford mathematical monographs}
}

@book{maggi2012sets,
  title={Sets of finite perimeter and geometric variational problems: an introduction to Geometric Measure Theory},
  author={Maggi, F.},
  volume={135},
  year={2012},
  publisher={Cambridge University Press}
}

@Article{ambcasmas99,
  author = { L. Ambrosio and V. Caselles and S. Masnou and J-M. Morel },
  title = { Connected Components of Sets of Finite Perimeter and Applications to Image Processing },
  journal = { Journal of EMS.  },
  year = { 2001 },
  volume = { 3 },
  pages = { 213--266 },
}


@article{Fonseca91,
	Author = {Fonseca, I.},
	Journal = {Proceedings: Mathematical and Physical Sciences},
	Number = {1884},
	Pages = {125--145},
	Publisher = {The Royal Society},
	Title = {The Wulff Theorem Revisited},
	Volume = {432},
	Year = {1991}}
	
@article{ambnovpao00,
	Author = {L. Ambrosio and M. Novaga and E. Paolini},
	Journal = {ESAIM: COCV volume dedicated to J.~L.~Lions},
	Key = {crystals},
	Number = {69--103},
	Title = {Some Regularity Results for Minimal Crystals},
	Volume = {8},
	Year = {2002}}

@book{giusti1977minimal,
  title={Minimal surfaces and functions of bounded variation},
  author={Giusti, E.},
  isbn={9780708112946},
  lccn={79306909},
  series={Notes on pure mathematics},
  year={1977},
  publisher={Dept. of Pure Mathematics}
}

@article{massari1994variational,
	Author = {Gonzalez, E. H. A. and Massari, U.},
	Date-Added = {2014-01-15 16:32:57 +0000},
	Date-Modified = {2014-01-15 16:32:57 +0000},
	Journal = {Rend. Sem. Mat. Univ. Pol. Torino},
	Pages = {1--28},
	Title = {Variational mean curvatures},
	Volume = {52},
	Year = {1994}}


@article{Barozzi,
	Author = {Barozzi, E. and Gonzales, E. and Tamanini, I.},
	Date-Added = {2014-01-15 17:53:27 +0000},
	Date-Modified = {2014-01-15 17:53:27 +0000},
	Journal = {AMS},
	Pages = {313--316},
	Title = {The mean curvature of a set of finite perimeter},
	Volume = {99},
	Year = {1987}}
	
	
%% ROF Jump set, calibrable sets 
@article {casregul11,
    AUTHOR = {Caselles, Vicent and Chambolle, Antonin and Novaga, Matteo},
     TITLE = {Regularity for solutions of the total variation denoising
              problem},
   JOURNAL = {Rev. Mat. Iberoam.},
  FJOURNAL = {Revista Matem\'atica Iberoamericana},
    VOLUME = {27},
      YEAR = {2011},
    NUMBER = {1},
     PAGES = {233--252},
      ISSN = {0213-2230},
   MRCLASS = {35A15 (35B65 49N60 94A08)},
  MRNUMBER = {2815736},
MRREVIEWER = {Eugen Viszus},
}
%% I removed this since the bibstyle prints it... (change style rather!!)
       DOI = {10.4171/RMI/634},
       URL = {http://dx.doi.org/10.4171/RMI/634},
@article{casdiscont07,
	Author = {V. Caselles and A. Chambolle and M. Novaga},
	Journal = {Multiscale Modeling and Simulation},
	Number = {3},
	Pages = {879--894},
	Title = {The discontinuity set of solutions of the TV denoising problem and some extensions},
	Volume = {6},
	Year = {2007}}

@article{casanisotrop08,
	Author = {V. Caselles and A. Chambolle and S. Moll and M. Novaga},
	Journal = {Annales de l'Institut Henri Poincare (C) Non Linear Analysis},
	Number = {4},
	Pages = {803--832},
	Title = {A characterization of convex calibrable sets in with respect to anisotropic norms},
	Volume = {25},
	Year = {2008}}

@phdthesis{alterthesis,
	Author = {Alter, F.},
	Month = {janvier},
	School = {ENS Cachan},
	Year = {2008}}

@article{altercalib05,
	Author = {F. Alter and V. Caselles and A. Chambolle},
	Date-Modified = {2014-01-04 15:54:22 +0000},
	Journal = {Math. Ann.},
	Pages = {29--53},
	Title = {A characterization of convex calibrable sets in $R^{N}$},
	Volume = {7},
	Year = {2005}}

@Article{Valkonen15,
  title =	"The Jump Set under Geometric Regularization. Part 1:
		 Basic Technique and First-Order Denoising",
  author =	"T. Valkonen",
  journal =	"SIAM J. Math. Analysis",
  year = 	"2015",
  number =	"4",
  volume =	"47",
  bibdate =	"2015-09-07",
  bibsource =	"DBLP,
		 http://dblp.uni-trier.de/db/journals/siamma/siamma47.html#Valkonen15",
  pages =	"2587--2629",
 }


%% capilarity 

@article{giusti78,
	Author = {E. Giusti},
	Date-Added = {2014-01-05 15:24:04 +0000},
	Date-Modified = {2014-01-05 15:24:04 +0000},
	Journal = {Invent. Math.},
	Number = {2},
	Pages = {111--137},
	Title = {On the equation of surfaces of prescribed mean curvature},
	Volume = {46},
	Year = {1978},
}


@Misc{AmaBel15,
  author = {S. Amato and G. Bellettini and L. Tealdi },
  title = {Anisotropic mean curvature on facets and relations with capillarity },
  journal = {Geometric Flows}, 
   volume = 1, 
   number = 1,
  year = { 2015 },
  pages = {2353--3382},
}


@article{korevaar1983convex,
  title={Convex Solutions to Nonlinear Elliptic and Parabolic Boundary Value Problems},
  author={Korevaar, N. J.},
  journal={Indiana University Mathematics Journal},
  volume={32},
  number={4},
  year={1983}
}

@ARTICLE{Kor93,
    author = "N. J. Korevaar",
     title = "Capillary Surface Convexity above Convex Domains",
   journal = "Indiana Univ. Math. J.",
  fjournal = "Indiana University Mathematics Journal",
    volume = 32,
      year = 1983,
     issue = 1,
     pages = "73--81",
      issn = "0022-2518",
     coden = "IUMJAB",
   mrclass = "",
}

%% TV flow 



@article{caselles2012tv,
  title={TV denoising of two balls in the plane},
  author={Caselles, V. and Novaga, M. and P{\"o}schl, C.},
  journal={arXiv preprint arXiv:1605.00247},
  year={2016}
}

@article{Catte92,
 author = {Catt{\'e}, F. and Lions, P-L. and Morel, J-M. and Coll, T.},
 title = {Image Selective Smoothing and Edge Detection by Nonlinear Diffusion},
 journal = {SIAM J. Numer. Anal.},
 volume = {29},
 number = {1},
 month = feb,
 year = {1992},
 issn = {0036-1429},
 pages = {182--193},
 publisher = {Society for Industrial and Applied Mathematics},
 address = {Philadelphia, PA, USA},
} 


% equivalence with variational
@incollection{BroxEquiv,
year={2003},
isbn={978-3-540-40368-5},
booktitle={Scale Space Methods in Computer Vision},
volume={2695},
series={Lecture Notes in Computer Science},
editor={Griffin, L. D. and Lillholm, M.},
title={Equivalence Results for TV Diffusion and TV Regularisation},
publisher={Springer Berlin Heidelberg},
author={Brox, T. and Welk, M. and Steidl, G. and Weickert, J.},
pages={86--100},
language={English}
}


@article{alter2005evolution,
	Author = {Alter, F. and Caselles, V. and Chambolle, A.},
	Date-Added = {2011-09-09 18:47:26 +0000},
	Date-Modified = {2011-09-09 18:47:26 +0000},
	Journal = {Interfaces and free boundaries},
	Number = {1},
	Pages = {29},
	Publisher = {European Mathematical Society},
	Title = {Evolution of characteristic functions of convex sets in the plane by the minimizing total variation flow},
	Volume = {7},
	Year = {2005}}


@article{beltvflow02,
	Author = {G. Bellettini and V. Caselles and M. Novaga},
	Date-Added = {2014-01-04 16:14:34 +0000},
	Date-Modified = {2014-01-05 16:36:47 +0000},
	Journal = {J. Differential Equations},
	Key = {Total variation flow},
	Number = {2},
	Pages = {475--525},
	Title = {The Total Variation Flow in ${{\mathbb{R}}^{N}}$},
	Volume = {184},
	Year = {2002},
}

@article{alterconvex05,
	Author = {F. Alter and V. Caselles and A. Chambolle},
	Journal = {Interfaces and Free Boundaries},
	Pages = {329--366},
	Title = {Evolution of Convex Sets in the Plane by Minimizing the Total Variation Flow},
	Volume = {332},
	Year = {2005}}


@book{andreu2004parabolic,
  title={Parabolic Quasilinear Equations Minimizing Linear Growth Functionals},
  author={Andreu-Vaillo, F. and Caselles, V. and Mazon, J.M.},
  isbn={9783764366193},
  lccn={2003070866},
  series={Progress in Mathematics},
  year={2004},
  publisher={Springer Verlag NY}
}

@article{belfacetbreak01,
	Author = {G. Bellettini and M. Novaga and M. Paolini},
	Journal = {Interfaces and Free Boundaries},
	Key = {crystal},
	Pages = {415--446},
	Title = {Characterization of facet--breaking for nonsmooth mean curvature flow in the convex case},
	Volume = {3},
	Year = {2001}}

@article{belcrystmcm07,
	Author = {Bellettini, G. and Caselles, V. and Chambolle, A. and Novaga, M.},
	Number = {5},
	Pages = {499--527},
	journal = "Journal de Math{\'e}matiques Pures et Appliqu{\'e}es",
	Title = {The volume preserving crystalline mean curvature flow of convex sets in $R^{N}$},
	Volume = {92},
	Year = {2009}}



@article{CasellesJumpFlow,
author = {Caselles, V. and Jalalzai, K. and Novaga, M.},
journal = {Rendiconti del Seminario Matematico della Università di Padova},
pages = {155-168},
publisher = {Seminario Matematico of the University of Padua},
title = {On the jump set of solutions of the total variation flow},
volume = {130},
year = {2013},
}

%% Ground states (eigenvalue of the curvature operator)

@article{BellettiniEigen05,
author = {G. Bellettini and V. Caselles and M. Novaga},
title = {Explicit Solutions of the Eigenvalue Problem $div \left(\frac Du\vert Du \vert \right)=u$ in $R^2$},
journal = {SIAM Journal on Mathematical Analysis},
volume = {36},
number = {4},
pages = {1095--1129},
year = {2005},
}

@article{Benning13,
author = {M. Benning and M. Burger},
title = {Ground states and singular vectors of convex variational regularization methods},
journal = {Meth. Appl. Analysis},
volume = 20,
pages = {295--334},
year = {2013},
}


@article{Kawohl07,
author = {Kawohl, B. and Schuricht,  F.},
title = {Dirichlet Problems for the 1-Laplace Operator, Including the Eigenvalue Problem},
journal = {Communications in Contemporary Mathematics},
volume = {09},
number = {04},
pages = {515--543},
year = {2007},
}

%% Cheegers	sets

@article{alteruniq09,
	Author = {F. Alter and V. Caselles},
	Journal = {Nonlinear Analysis: Theory, Methods \& Applications},
	Number = {1},
	Pages = {32--44},
	Publisher = {Elsevier},
	Title = {Uniqueness of the {Cheeger} set of a convex body},
	Volume = {70},
	Year = {2009}}
	
@article{casuniq07,
	Author = {V. Caselles and A. Chambolle and M. Novaga},
	Journal = {Pacific J. Math.},
	Number = {1},
	Pages = {77--90},
	Title = {Uniqueness of the {Cheeger} set of a convex body},
	Volume = {232},
	Year = {2007}}

@article{anisocheeg2009,
	Author = {Caselles, V. and Facciolo, G. and Meinhardt, E.},
	Bibsource = {DBLP, http://dblp.uni-trier.de},
	Journal = {SIAM J. Imaging Sciences},
	Number = {4},
	Pages = {1211--1254},
	Title = {Anisotropic {Cheeger} Sets and Applications},
	Volume = {2},
	Year = {2009}}

@article{cheegergauss10,
	Author = {Caselles, V. and Miranda, M. Jr. and Novaga, M.},
	Issn = {0022-1236},
	Journal = {Journal of Functional Analysis},
	Number = {6},
	Pages = {1491--1516},
	Title = {Total variation and {Cheeger} sets in {Gauss} space},
	Volume = {259},
	Year = {2010},
}


@article{kawohlnovaga,
	Author = {Kawohl, B. and Novaga, M.},
	Issn = {0944-6532},
	Journal = {Journal of Convex Analysis},
	Number = {3},
	Pages = {623},
	Publisher = {HELDERMANN VERLAG},
	Title = {The $p$-{Laplace} eigenvalue problem as $p \to 1$ and {Cheeger} sets in a {Finsler} metric},
	Volume = {15},
	Year = {2008}}
	

@article{kawohl06,
	Author = {B. Kawohl and T. Lachand-Robert},
	Journal = {Pacific J. Math.},
	Number = {1},
	Pages = {103--118},
	Title = {Characterization of {Cheeger} sets for convex subsets of the plane},
	Volume = {225},
	Year = {2006}}

@unpublished{novremarks08,
	Author = {V. Caselles and A. Chambolle and M. Novaga},
	Title = {Some remarks on uniqueness and regularity of {Cheeger} sets},
	Year = {2008}}



@article{buttmaximal07,
	Author = {G. Buttazzo and G. Carlier and M. Comte},
	Journal = {Differential and Integral Equations},
	Number = {9},
	Pages = {991--1004},
	Title = {On the selection of maximal {Cheeger} sets},
	Volume = {20},
	Year = {2007}}

@article{carlier07,
	Author = {G. Carlier and M. Comte},
	Journal = {J. Funct. Anal.},
	Pages = {214--226},
	Title = {On a weighted total variation minimization problem},
	Volume = {250},
	Year = {2007}}

@article{carlierpeyre,
	Author = {G. Carlier and M. Comte and G. Peyr{\'e}},
	Journal = {ESAIM: Mathematical Modelling and Numerical Analysis},
	Key = {Cheeger sets},
	Number = {1},
	Pages = {131--150},
	Title = {Approximation of maximal {Cheeger} sets by projection},
	Volume = {43},
	Year = {2009}}
	
	
	
%% TV Denoising


@article{rudin1992nonlinear,
	Author = {Rudin, L. I. and Osher, S. and Fatemi, E.},
	Journal = {Physica D: Nonlinear Phenomena},
	Number = {1},
	Pages = {259--268},
	Publisher = {Elsevier},
	Title = {Nonlinear total variation based noise removal algorithms},
	Volume = {60},
	Year = {1992}}
	
% existence, uniqueness, etc
@Article{ChambolleLions,
author="Chambolle, A. and Lions, P-L.",
title="Image recovery via total variation minimization and related problems",
journal="Numerische Mathematik",
volume="76",
number="2",
year = 1997, 
pages="167--188",
}

@Article{
  ChaGolNov12a,
  author = {A. Chambolle and M. Goldman and M. Novaga },
  title = { Fine properties of the subdifferential for a  class of one-homogeneous functionals },
  journal = { Adv. Calc. Var. },
  year = { 2015 },
  volume = { 8 },
  number = { 1 },
  pages = { 31-42 },
}


% approximation
@ARTICLE{DobsonScherzer,
   author = {Dobson, D. and Scherzer, O.},
    title = "{Analysis of regularized total variation penalty methods for denoising}",
  journal = {Inverse Problems},
     year = 1996,
    month = oct,
   volume = 12,
    pages = {601--617},
}

@INPROCEEDINGS{Chambolle10anintroduction,
    author = {A. Chambolle and M. Novaga and D. Cremers and T. Pock},
    title = {An introduction to total variation for image analysis},
    booktitle = {in Theoretical Foundations and Numerical Methods for Sparse Recovery, De Gruyter},
    year = {2010}
}

@article{kindermann2006denoising,
  title={Denoising by {BV}-duality},
  author={Kindermann, S. and Osher, S. and Xu, J.},
  journal={Journal of Scientific Computing},
  volume={28},
  number={2-3},
  pages={411--444},
  year={2006},
  publisher={Springer}
}

@Article{Schnorr94,
author="Schn{\"o}rr, C.",
title="Unique reconstruction of piecewise-smooth images by minimizing strictly convex nonquadratic functionals",
journal="Journal of Mathematical Imaging and Vision",
volume="4",
number="2",
pages="189--198",
year = 1994,
}



%% Exact solutions
@TechReport{StrongExplicit96,
  title =	"Exact Solutions to Total Variation Regularization
		 Problems",
  author =	"D. M. Strong and T. F. Chan",
  year = 	"1996",
  journal = "CAM 96-41", 
  institution = "UCLA"
 }






@article{LouchetMoisan,
author = {C. Louchet and L. Moisan},
title = {Total Variation as a Local Filter},
journal = {SIAM Journal on Imaging Sciences},
volume = {4},
number = {2},
pages = {651--694},
year = {2011},
}



%% Stats, 1D


@article{tibshirani2005sparsity,
	Author = {Tibshirani, R. and Saunders, M. and Rosset, S. and Zhu, J. and Knight, K.},
	Date-Added = {2014-11-04 09:37:20 +0000},
	Date-Modified = {2014-11-04 09:37:20 +0000},
	Journal = {Journal of the Royal Statistical Society: Series B (Statistical Methodology)},
	Number = {1},
	Pages = {91--108},
	Publisher = {Wiley Online Library},
	Title = {Sparsity and smoothness via the fused {L}asso},
	Volume = {67},
	Year = {2005},}
	

@article{davies2001,
author = "Davies, P. L. and Kovac, A.",
fjournal = "The Annals of Statistics",
journal = "Ann. Statist.",
month = "02",
number = "1",
pages = "1--65",
publisher = "The Institute of Mathematical Statistics",
title = "Local Extremes, Runs, Strings and Multiresolution",
volume = "29",
year = "2001"
}

@article{mammen1997,
author = "Mammen, E. and van de Geer, S.",
fjournal = "The Annals of Statistics",
journal = "Ann. Statist.",
month = "02",
number = "1",
pages = "387--413",
publisher = "The Institute of Mathematical Statistics",
title = "Locally adaptive regression splines",
volume = "25",
year = "1997"
}


%% Connexion with wavelets 

@incollection{CoifmanDonoho,
year={1995},
isbn={978-0-387-94564-4},
booktitle={Wavelets and Statistics},
volume={103},
series={Lecture Notes in Statistics},
editor={Antoniadis, Anestis and Oppenheim, Georges},
title={Translation-Invariant De-Noising},
publisher={Springer New York},
author={Coifman, R.R. and Donoho, D.L.},
pages={125-150},
language={English}
}


@ARTICLE{ChambolleDeVore98, 
author={Chambolle, A. and De Vore, R.A. and Nam-Yong Lee and Lucier, B.J.}, 
journal={Image Processing, IEEE Transactions on}, 
title={Nonlinear wavelet image processing: variational problems, compression, and noise removal through wavelet shrinkage}, 
year={1998}, 
volume={7}, 
number={3}, 
pages={319--335}, 
ISSN={1057-7149}, 
month={March},}


@ARTICLE{ChambolleLucier01, 
author={Chambolle, A. and Lucier, B.J.}, 
journal={Image Processing, IEEE Transactions on}, 
title={Interpreting translation-invariant wavelet shrinkage as a new image smoothing scale space}, 
year={2001}, 
volume={10}, 
number={7}, 
pages={993--1000}, 
ISSN={1057-7149}, 
month={Jul},}


@ARTICLE{CohenDevore01, 
author={A. Cohen and R. DeVore and P. Petrushev and H. Xu}, 
journal={American Journal of Mathematics}, 
title={Nonlinear approximation and the space $BV(R^2)$}, 
year={1999}, 
volume={121}, 
pages={587?-628}, 
}

@article{DonohoJohnstone1998,
author = "Donoho, D. L. and Johnstone, I. M.",
fjournal = "The Annals of Statistics",
journal = "Ann. Statist.",
month = "06",
number = "3",
pages = "879--921",
publisher = "The Institute of Mathematical Statistics",
title = "Minimax estimation via wavelet shrinkage",
volume = "26",
year = "1998"
}

@article{cai2012image,
  title={Image restoration: Total variation, wavelet frames, and beyond},
  author={Cai, J-F. and Dong, B. and Osher, S. and Shen, Z.},
  journal={Journal of the American Mathematical Society},
  volume={25},
  number={4},
  pages={1033--1089},
  year={2012}
}

@article{welk2008locally,
	Author = {Welk, M. and Steidl, G. and Weickert, J.},
	Date-Added = {2011-09-09 18:50:40 +0000},
	Date-Modified = {2011-09-09 18:50:40 +0000},
	Journal = {Applied and Computational Harmonic Analysis},
	Number = {2},
	Pages = {195--224},
	Publisher = {Elsevier},
	Title = {Locally analytic schemes: A link between diffusion filtering and wavelet shrinkage},
	Volume = {24},
	Year = {2008}}
	
@article{elad2007analysis,
	Author = {Elad, M. and Milanfar, P. and Rubinstein, R.},
	Date-Added = {2014-11-04 09:12:43 +0000},
	Date-Modified = {2014-11-04 09:12:43 +0000},
	Journal = {Inverse problems},
	Number = {3},
	Pages = {947},
	Publisher = {IOP Publishing},
	Title = {Analysis versus synthesis in signal priors},
	Volume = {23},
	Year = {2007},}

@article{steidl2005equivalence,
	Author = {Steidl, G. and Weickert, J. and Brox, T. and Mr{\`a}zek, P. and Welk, M.},
	Date-Added = {2011-09-09 18:51:04 +0000},
	Date-Modified = {2012-09-12 13:04:58 +0200},
	Journal = {SIAM Journal on Numerical Analysis},
	Number = {2},
	Pages = {686--713},
	Publisher = {JSTOR},
	Title = {On the equivalence of soft wavelet shrinkage, total variation diffusion, total variation regularization, and SIDEs},
	Volume = {42},
	Year = {2005}}


@inproceedings{selesnick2009signal,
	Author = {Selesnick, I.W. and Figueiredo, M.A.T.},
	Booktitle = {Proceedings of SPIE},
	Date-Added = {2011-09-09 18:46:00 +0000},
	Date-Modified = {2011-09-20 21:36:12 +0000},
	Pages = {74460D},
	Title = {Signal restoration with overcomplete wavelet transforms: comparison of analysis and synthesis priors},
	Volume = {7446},
	Year = {2009}}
	
%% Extensions of TV

@article{BrediesTGV,
author = {K. Bredies and K. Kunisch and T. Pock},
title = {Total Generalized Variation},
journal = {SIAM Journal on Imaging Sciences},
volume = {3},
number = {3},
pages = {492--526},
year = {2010},
}
	
@unpublished{bredies2012,
	Author = {K. Bredies and M. Holler},
	Title = {A pointwise characterization of the subdifferential of the total variation functional},
	Year = {2012}
}



@article{ChanMarquina00,
author = {T. Chan and A. Marquina and P. Mulet},
title = {High-Order Total Variation-Based Image Restoration},
journal = {SIAM Journal on Scientific Computing},
volume = {22},
number = {2},
pages = {503--516},
year = {2000},
}


%% inverse problems

@article{DobsonSantosa,
 author = {Dobson, D. C. and Santosa, F.},
 title = {Recovery of Blocky Images from Noisy and Blurred Data},
 journal = {SIAM J. Appl. Math.},
 issue_date = {Aug. 1996},
 volume = {56},
 number = {4},
 month = aug,
 year = {1996},
 pages = {1181--1198},
 } 

@article{ChaventCOV,
author = {Chavent, G. and Kunisch, K.},
title = {Regularization of linear least squares problems by total bounded variation},
journal = {ESAIM: Control, Optimisation and Calculus of Variations},
volume = {2},
month = {1},
year = {1997},
issn = {1262-3377},
pages = {359--376},
numpages = {18},
}

@Article{Malgouyres02,
  author =	"F. Malgouyres",
  title =	"Minimizing the total variation under a certain convex
		 constraint for image restoration",
  journal =	"IEEE Trans. Image Proc.",
  year = 	"2002",
  volume =	"11",
  pages =	"1450--1456",
  annote =	"imagery",
}



@Article{AcarVogel,
  author =	"R. Acar and C.R. Vogel",
  title =	"Analysis of bounded variation penalty methods for ill-posed problems",
  journal =	"Inverse Problems",
  year = 	"1994",
  volume =	"10",
  pages =	"1217?-1229",
}


%% support stability for inverse problems

@inbook{2014-vaiter-ps-review,
  year = { 2015 },
  editor = { G\"otz Pfander },
  publisher = { Springer-Birkh\"auser },
  chapter = { Sampling Theory, a Renaissance },
  author = { S. Vaiter and G. Peyr{\'e} and J. Fadili },
  title = { Low Complexity Regularization of Linear Inverse Problems },
}

@article{2013-vaiter-info,
  pages = { 2001--2016 },
  year = { 2013 },
  number = { 4 },
  volume = { 59 },
  journal = { IEEE Transactions on Information Theory },
  author = { S. Vaiter and G. Peyr{\'e} and C. Dossal and J. Fadili },
  title = { Robust Sparse Analysis Regularization },
}


@Article{VaiterPDF13,
  title =	"Robust Sparse Analysis Regularization",
  author =	"S. Vaiter and G. Peyr{\'e} and C. Dossal
		 and J. Fadili",
  journal =	"IEEE Transactions on Information Theory",
  year = 	"2013",
  number =	"4",
  volume =	"59",
  bibdate =	"2013-04-09",
  bibsource =	"DBLP,
		 http://dblp.uni-trier.de/db/journals/tit/tit59.html#VaiterPDF13",
  pages =	"2001--2016",
}

@article{burger2004convergence,
  title={Convergence rates of convex variational regularization},
  author={Burger, M. and Osher, S.},
  journal={Inverse problems},
  volume={20},
  number={5},
  pages={1411},
  year={2004},
  publisher={IOP Publishing}
}

@book{ScherzerBook09,
	Author = {Scherzer, O. and Grasmair, M. and Grossauer, H. and Haltmeier, M. and Lenzen, F.},
	Date-Added = {2013-02-07 16:20:00 +0000},
	Date-Modified = {2013-02-11 10:22:22 +0000},
	Day = {09},
	Edition = {1st},
	Howpublished = {Hardcover},
	Isbn = {0387309314},
	Publisher = {Springer},
	Series = {Applied Mathematical Sciences},
	Title = {{Variational Methods in Imaging}},
	Year = {2009}}

@article{GrasmairPositively11,
	Author = {Grasmair, M.},
	Date-Modified = {2013-04-16 10:14:01 +0000},
	Journal = {Inverse Problems},
	Pages = {075014},
	Publisher = {IOP Publishing},
	Title = {Linear convergence rates for {T}ikhonov regularization with positively homogeneous functionals},
	Volume = {27},
	Year = {2011}}
	
@article {Grasmair-cpam,
author = {Grasmair, M. and Scherzer, O. and Haltmeier, M.},
title = {Necessary and sufficient conditions for linear convergence of $\ell_1$-regularization},
journal = {Communications on Pure and Applied Mathematics},
volume = {64},
number = {2},
publisher = {Wiley Subscription Services, Inc., A Wiley Company},
pages = {161--182},
year = {2011},
}
%% support recovery, measure spaces
	
@article{duvalpeyre13,
  year = { 2015 },
  pages = { 1315--1355 },
  number = { 5 },
  volume = { 15 },
  journal = { Foundations of Computational Mathematics },
  author = { V. Duval and G. Peyr{\'e} },
  title = { Exact Support Recovery for Sparse Spikes Deconvolution },
}
	
%% Degrees of freedom (finite dimension)

@article{2013-vaiter-acha,
  comment = { code },
  pages = { 433--451 },
  year = { 2013 },
  number = { 3 },
  volume = { 35 },
  journal = { Applied and Computational Harmonic Analysis },
  author = { S. Vaiter and C. Deledalle and G. Peyr{\'e} and J. Fadili and C. Dossal },
  title = { Local Behavior of Sparse Analysis Regularization: Applications to Risk Estimation },
}


@article{tibshirani2011solution,
	Author = {Tibshirani, R.J. and Taylor, J.},
	Date-Added = {2011-08-30 08:42:53 +0000},
	Date-Modified = {2011-09-20 21:36:53 +0000},
	Journal = {The Annals of Statistics},
	Number = {3},
	Pages = {1335--1371},
	Publisher = {Institute of Mathematical Statistics},
	Title = {The solution path of the generalized {L}asso},
	Volume = {39},
	Year = {2011},}

	
%% Nikolova


@article{NikolovaStrong00,
author = {M. Nikolova},
title = {Local Strong Homogeneity of a Regularized Estimator},
journal = {SIAM Journal on Applied Mathematics},
volume = {61},
number = {2},
pages = {633--658},
year = {2000},
}


	
%% CS

@article{Poon15,
author = {C. Poon},
title = {On the Role of Total Variation in Compressed Sensing},
journal = {SIAM Journal on Imaging Sciences},
volume = {8},
number = {1},
pages = {682--720},
year = {2015},
}


@article{NeedelWard12,
	Author = {D. Needell and R. Ward},
	Bibsource = {DBLP, http://dblp.uni-trier.de},
	Date-Added = {2012-09-12 14:30:49 +0200},
	Date-Modified = {2012-09-12 14:31:08 +0200},
	Ee = {http://arxiv.org/abs/1202.6429},
	Journal = {CoRR},
	Title = {Stable image reconstruction using total variation minimization},
	Volume = {abs/1202.6429},
	Year = {2012}}
		
%% texture decomposition


@book{Meyer,
AUTHOR = {Meyer, Y.},
TITLE = {Oscillating patterns in image processing and nonlinear evolution equations},
SERIES = {University Lecture Series},
VOLUME = {22},
NOTE = {The fifteenth Dean Jacqueline B. Lewis memorial lectures},
PUBLISHER = {American Mathematical Society},
ADDRESS = {Providence, RI},
YEAR = {2001},
ISBN = {0-8218-2920-3},
}

@article{garnett2007image,
	Author = {Garnett, J.B. and Le, T.M. and Meyer, Y. and Vese, L.A.},
	Date-Added = {2011-09-13 15:00:26 +0000},
	Date-Modified = {2011-09-13 15:00:26 +0000},
	Journal = {Applied and Computational Harmonic Analysis},
	Number = {1},
	Pages = {25--56},
	Publisher = {Elsevier},
	Title = {Image decompositions using bounded variation and generalized homogeneous Besov spaces},
	Volume = {23},
	Year = {2007}}
	

@article{Aujol,
	Author = {J.-F. Aujol and G. Aubert and L. Blanc-F\'eraud and A. Chambolle},
	Date-Added = {2014-11-04 12:38:49 +0000},
	Date-Modified = {2014-11-04 12:38:49 +0000},
	Journal = {Journal of Mathematical Imaging and Vision},
	Pages = {71--88},
	Title = {Image decomposition into a bounded variation component and an oscillating component},
	Volume = {22},
	Year = {2005}}
	
	
%% Link with iterative median

@Article{Buades2006,
author="Buades, A. and Coll, B. and Morel, J-M.",
title="Neighborhood filters and PDE's",
journal="Numerische Mathematik",
year="2006",
volume="105",
number="1",
pages="1--34",
}



%% Algorithms, generic


@article{VogelOman,
author = {C. R. Vogel and M. E. Oman},
title = {Iterative Methods for Total Variation Denoising},
journal = {SIAM Journal on Scientific Computing},
volume = {17},
number = {1},
pages = {227--238},
year = {1996},
}


@article{chambolle2004algorithm,
	Author = {Chambolle, A.},
	Date-Added = {2011-09-23 16:34:20 +0000},
	Date-Modified = {2011-09-23 16:34:20 +0000},
	Journal = {Journal of Mathematical Imaging and Vision},
	Number = {1},
	Pages = {89--97},
	Publisher = {Springer},
	Title = {An algorithm for total variation minimization and applications},
	Volume = {20},
	Year = {2004}}

	
@article{fadili2010tv,
	Author = {M. J. Fadili and G. Peyr\'e},
	Date-Added = {2011-09-22 22:24:41 +0000},
	Date-Modified = {2012-09-14 19:07:20 +0200},
	Journal = {IEEE Transactions on Image Processing},
	Number = 3,
	Pages = {657--669},
	Title = {Total Variation Projection with First Order Schemes},
	Volume = 20,
	Year = {2011},
}

@ARTICLE{BeckTeboulle, 
author={Beck, A. and Teboulle, M.}, 
journal={Image Processing, IEEE Transactions on}, 
title={Fast Gradient-Based Algorithms for Constrained Total Variation Image Denoising and Deblurring Problems}, 
year={2009}, 
volume={18}, 
number={11}, 
pages={2419--2434}, 
ISSN={1057-7149}, 
}

	
%% graph cuts
@incollection{DarbonSigelle,
year={2005},
isbn={978-3-540-23942-0},
booktitle={Combinatorial Image Analysis},
volume={3322},
series={Lecture Notes in Computer Science},
editor={R. Klette and J. Aunia},
title={Exact Optimization of Discrete Constrained Total Variation Minimization Problems},
publisher={Springer Berlin Heidelberg},
author={Darbon, J. and Sigelle, M.},
pages={548--557},
language={English}
}


@incollection{ChambolleMRF,
year={2005},
isbn={978-3-540-30287-2},
booktitle={Energy Minimization Methods in Computer Vision and Pattern Recognition},
volume={3757},
series={Lecture Notes in Computer Science},
editor={Rangarajan, A. and Vemuri, B. and Yuille, A. L.},
title={Total Variation Minimization and a Class of Binary MRF Models},
publisher={Springer Berlin Heidelberg},
author={Chambolle, A.},
pages={136--152},
language={English}
}

@Article{ChambolleDarbon2009,
author="Chambolle, A. and Darbon, J.",
title="On Total Variation Minimization and Surface Evolution Using Parametric Maximum Flows",
journal="International Journal of Computer Vision",
year="2009",
volume="84",
number="3",
pages="288--307",
issn="1573-1405",
}

@ARTICLE{KolmogorovZabin, 
author={Kolmogorov, V. and Zabin, R.}, 
journal={Pattern Analysis and Machine Intelligence, IEEE Transactions on}, 
title={What energy functions can be minimized via graph cuts?}, 
year={2004}, 
volume={26}, 
number={2}, 
pages={147--159},  
ISSN={0162-8828}, 
}


%% Algorihtm, 1D Taut string

@Article{Condat13,
  title =	"A Direct Algorithm for 1-{D} Total Variation Denoising",
  author =	"L. Condat",
  journal =	"IEEE Signal Process. Lett",
  year = 	"2013",
  number =	"11",
  volume =	"20",
  bibdate =	"2014-05-08",
  bibsource =	"DBLP,
		 http://dblp.uni-trier.de/db/journals/spl/spl20.html#Condat13",
  pages =	"1054--1057",
}

@article{Dumbgen2009,
author = "Dumbgen, L. and Kovac, A.",
fjournal = "Electronic Journal of Statistics",
journal = "Electron. J. Statist.",
pages = "41--75",
publisher = "The Institute of Mathematical Statistics and the Bernoulli Society",
title = "Extensions of smoothing via taut strings",
volume = "3",
year = "2009"
}

@Article{Grasmair2006,
author="Grasmair, M.",
title="The Equivalence of the Taut String Algorithm and BV-Regularization",
journal="Journal of Mathematical Imaging and Vision",
year="2006",
volume="27",
number="1",
pages="59--66",
issn="1573-7683",
}

@Article{HinterbergerTube,
  author =	"W. Hinterberger and M. Hintermuller and K. Kunisch and
		 M. von Oehsen and O. Scherzer",
  title =	"Tube Methods for {BV} Regularization",
  journal =	"Journal of Mathematical Imaging and Vision",
  volume =	"19",
  year = 	"2003",
  number =	"3",
  month =	nov,
  pages =	"219--235",
}

%%% State of the art in denoising %%%

@Article{Dabov07,
  author =	"K. Dabov and A. Foi and V. Katkovnik and K. O.
		 Egiazarian",
  title =	"Image Denoising by Sparse 3-{D} Transform-Domain
		 Collaborative Filtering",
  journal =	"IEEE Trans. Image Processing",
  volume =	"16",
  year = 	"2007",
  number =	"8",
  month =	aug,
  pages =	"2080--2095",
  bibsource =	"http://www.visionbib.com/bibliography/image-proc107.html#TT8665",
}

@Article{Portilla03,
  author =	"J. Portilla and V. Strela and M. J. Wainwright and E.
		 P. Simoncelli",
  title =	"Image denoising using scale mixtures of gaussians in
		 the wavelet domain",
  journal =	"IEEE Trans. Image Processing",
  volume =	"12",
  year = 	"2003",
  number =	"11",
  month =	nov,
  pages =	"1338--1351",
  bibsource =	"http://www.visionbib.com/bibliography/compute93.html#TT6359",
}

@Article{BuadesCM05,
  title =	"A Review of Image Denoising Algorithms, with a New
		 One",
  author =	"A. Buades and B. Coll and J-M.
		 Morel",
  journal =	"Multiscale Modeling \& Simulation",
  year = 	"2005",
  number =	"2",
  volume =	"4",
  bibdate =	"2015-07-22",
  bibsource =	"DBLP,
		 http://dblp.uni-trier.de/db/journals/mmas/mmas4.html#BuadesCM05",
  pages =	"490--530",
  }

@article{Aharon06,
  title={{K-SVD}: An algorithm for designing overcomplete dictionaries for sparse representation},
  author={Aharon, M. and Elad, M. and Bruckstein, A.},
  journal={Signal Processing, IEEE Transactions on},
  volume={54},
  number={11},
  pages={4311--4322},
  year={2006},
  publisher={IEEE}
}

%%% NEW %%%

@Article{Jalalzai2015,
author="Jalalzai, K.",
title="Some Remarks on the Staircasing Phenomenon in Total Variation-Based Image Denoising",
journal="Journal of Mathematical Imaging and Vision",
year="2015",
volume="54",
number="2",
pages="256--268",
}


@article{Ring00,
author = {Ring, W.},
title = {Structural Properties of Solutions to Total Variation Regularization Problems},
journal = {ESAIM: Mathematical Modelling and Numerical Analysis},
volume = {34},
issue = {04},
month = {7},
year = {2000},
issn = {1290-3841},
pages = {799--810},
numpages = {12},
}


@article{Briani2011,
author = {A. Briani and A. Chambolle and M. Novaga and G. Orlandi},
title = {On the Gradient Flow of a one-homogeneous functional},
journal = {Confluentes Mathematici},
volume = {03},
number = {04},
pages = {617-635},
year = {2011},
}

@article{Hochbaum2001,
 author = {Hochbaum, D. S.},
 title = {An Efficient Algorithm for Image Segmentation, Markov Random Fields and Related Problems},
 journal = {J. ACM},
 volume = {48},
 number = {4},
 year = {2001},
 pages = {686--701},
} 


